<record><leader>00000cas a22000007a 4500</leader><controlfield tag="001">26395480</controlfield><controlfield tag="008">920815d197u1980wyuer ne      0    0eng d</controlfield><datafield ind1=" " ind2=" " tag="010"><subfield code="a">sn 92067160 </subfield></datafield><datafield ind1=" " ind2=" " tag="040"><subfield code="a">NVO</subfield><subfield code="b">eng</subfield><subfield code="c">NVO</subfield><subfield code="d">OCLCQ</subfield></datafield><datafield ind1=" " ind2=" " tag="042"><subfield code="a">msc</subfield></datafield><datafield ind1="0" ind2="4" tag="245"><subfield code="a">The Cokeville eagle-dispatch.</subfield></datafield><datafield ind1="3" ind2="0" tag="246"><subfield code="a">Eagle-dispatch</subfield></datafield><datafield ind1=" " ind2=" " tag="260"><subfield code="a">Cokeville, Wyo. :</subfield><subfield code="b">[Peggy Whitfield]</subfield></datafield><datafield ind1=" " ind2=" " tag="300"><subfield code="a">v.</subfield></datafield><datafield ind1=" " ind2=" " tag="310"><subfield code="a">Biweekly,</subfield><subfield code="b">Feb. 28-Apr. 10, 1980</subfield></datafield><datafield ind1=" " ind2=" " tag="321"><subfield code="a">Weekly,</subfield><subfield code="b">&lt;Feb. 7&gt;-14, 1980</subfield></datafield><datafield ind1="0" ind2=" " tag="362"><subfield code="a">-v. 1, no. 30 (Apr. 10, 1980).</subfield></datafield><datafield ind1=" " ind2=" " tag="588"><subfield code="a">Description based on: Vol. 1, no. 25 (Feb. 7, 1980).</subfield></datafield><datafield ind1=" " ind2="4" tag="651"><subfield code="a">Cokeville (Wyo.)</subfield><subfield code="v">Newspapers.</subfield></datafield><datafield ind1=" " ind2="4" tag="651"><subfield code="a">Lincoln County (Wyo.)</subfield><subfield code="v">Newspapers.</subfield></datafield><datafield ind1=" " ind2=" " tag="752"><subfield code="a">United States</subfield><subfield code="b">Wyoming</subfield><subfield code="c">Lincoln</subfield><subfield code="d">Cokeville.</subfield></datafield><datafield ind1="0" ind2="0" tag="785"><subfield code="t">U.S.A. West (Montpelier, Idaho)</subfield><subfield code="w">(DLC)sn 92067161</subfield></datafield></record>